<?xml version="1.0" encoding="UTF-8"?><collection xmlns="http://www.loc.gov/MARC21/slim"><record><leader>00539nam--2200157-i-4500</leader><controlfield tag="001">000010303</controlfield><controlfield tag="002">20161230</controlfield><controlfield tag="005">20161230201028</controlfield><controlfield tag="008">060222s1000------------r-----000-0-eng-d</controlfield><datafield ind1=" " ind2=" " tag="080"><subfield code="a">530.1:536.7:535.23</subfield></datafield><datafield ind1=" " ind2=" " tag="100"><subfield code="a">Armstrong, Baxter H.And Nicholls, Ralph W</subfield></datafield><datafield ind1=" " ind2=" " tag="245"><subfield code="a">Emission, absorption and transfer of radia- tion in heated atmospheres</subfield></datafield><datafield ind1=" " ind2=" " tag="260"><subfield code="a">Oxford, Pergamon Press, 1972 Xxiii + 295 P</subfield></datafield><datafield ind1=" " ind2=" " tag="490"><subfield code="a">International Series Of Monographs In Natural Philosophy. General Editor: D.Ter Haar</subfield></datafield><datafield ind1=" " ind2=" " tag="700"><subfield code="a">Haar, Ter D</subfield></datafield><datafield ind1=" " ind2=" " tag="852"><subfield code="a">37563</subfield></datafield></record></collection>